@misc{Assingnment6,
  title = {Written Asignment 6 Threat Modelling},
  howpublished = {\url{
                  https://github.com/KJWesthoff/MICS-252-WrittenReport6/blob/21a0707597f356ef9d019f39f185c69500b531a7/WrittenAssignment6.pdf
                  }},
  note = {Accessed: 2024-10-11},
}

@misc{FireWallaCommerical,
  title = {Firewalla Commercial Producrt features},
  howpublished = {\url{
                  https://help.firewalla.com/hc/en-us/sections/115000949433-Features
                  }},
  note = {Accessed: 2024-10-11},
}

@misc{WindowsDefenderCommercial,
  title = {Enhanced Phishing Protection in Microsoft Defender SmartScreen},
  howpublished = {\url{
                  https://learn.microsoft.com/en-us/windows/security/operating-system-security/virus-and-threat-protection/microsoft-defender-smartscreen/enhanced-phishing-protection?tabs=intune
                  }},
  note = {Accessed: 2024-10-11},
}

@misc{CloudFlareDDOS,
  title = {Cloudflare blocks largest recorded DDoS attack peaking at 3.8Tbps},
  howpublished = {\url{
                  https://blog.cloudflare.com/how-cloudflare-auto-mitigated-world-record-3-8-tbps-ddos-attack/
                  }},
  note = {Accessed: 2024-10-11},
}


